@article{李静2021多语言,
  title   = {多语言{UGC}环境下{MOOC}课程笔记自动生成},
  author  = {李静 and 胡潜},
  journal = {Information studies: Theory \& Application},
  volume  = {44},
  number  = {11},
  pages   = {173-179},
  year    = {2021},
  language  = {cn},
}

@article{张德海2018基于,
  title   = {基于认知算法的中文本体自动构建工具研究与实现},
  author  = {张德海 and 赵航 and 王乃尧 and others},
  journal = {云南民族大学学报: 自然科学版},
  volume  = {27},
  number  = {3},
  pages   = {234-242},
  year    = {2018},
  language  = {cn},
}

@article{Deng2013ApplicationOE,
  title   = {Application of Ebbinghaus forgetting curve theory in teaching medical imaging diagnosis},
  author  = {Yushan Deng and Xiao-mei Wu},
  journal = {Chinese Journal of Medical Education},
  year    = {2013},
  volume  = {33},
  number  = {4},
  pages   = {555-557}
}

@article{you2022knowledge,
  title   = {A knowledge graph empowered online learning framework for access control decision-making},
  author  = {You, Mingshan and Yin, Jiao and Wang, Huaand and others},
  journal = {World Wide Web},
  volume  = {26},
  number  = {2},
  pages   = {827-848},
  year    = {2022}
}

@inproceedings{封晨,
  title     = {基于知识图谱的智能问答系统研究},
  booktitle = {第三十七届中国（天津）2023’it、网络、信息技术、电子、仪器仪表创新学术会议论文集},
  author    = {封晨 and 杨文 and 孙冠群},
  year      = {2023},
  pages     = {4},
  address   = {天津},
  publisher = {天津市电子学会},
  language  = {cn},
}

@inproceedings{dong2014knowledge,
  title        = {Knowledge vault: A web-scale approach to probabilistic knowledge fusion},
  author       = {Dong, Xin and Gabrilovich, Evgeniy and Heitz, Geremy and others},
  booktitle    = {SIGKDD},
  year         = {2014},
  pages        = {601-610},
  organization = {ACM},
}

@mastersthesis{w2021e,
  title   = {THE EFFECTIVENESS OF QUIZLET APPLICATION AND ANKIDROID APPLICATION AS MEDIA TO TEACH IRREGULAR VERB (A QUASI EXPERIMENTAL RESEARCH AT THE TENTH GRADE STUDENTS OF MAN 2 SEMARANG IN THE ACADEMIC YEAR 2020/2021)},
  author  = {Widyaningsih, Adinda},
  year    = {2021},
  school  = {IAIN SALATIGA},
  address = {Salatiga}
}

@mastersthesis{姚歆蕾2021基于,
  title   = {基于艾宾浩斯遗忘曲线的英语词汇学习微信小程序的设计与实现},
  author  = {姚歆蕾},
  year    = {2021},
  school  = {云南师范大学},
  address = {昆明},
  language  = {cn},
}